3225 7067
736 1525 2082 1640 1TAL1AE139

371 1662 595 1755 Bello
669 1662 1187 1814 Neapolitano
1262 1664 1490 1754 Libri
1562 1671 1678 1754 ΙΙ.
1743 1676 2114 1788 Haganoae
2163 1732 2210 1780 „

385 1818 420 1873 1
558 1818 633 1870 o.
694 1819 775 1868 m
833 1779 952 1891 49

258 1814 909 2038 328Ξ3Β111113111
979 1900 1299 2011 Joannis
1376 1908 1508 1990 De
1575 1933 1658 1990 re
1753 1905 2205 2000 nummaria

374 2018 987 2113 Patavinorum..
1042 2024 1413 2131 Veneriis,
1470 2052 1717 2133 1744·
1778 2028 1857 2109 in
1921 2020 2038 2111 8.⁰

260 2145 496 2258 3284
843 2141 1315 2227 Chartarum
1380 2139 1754 2227 Coenobii
1834 2142 2191 2231 Patavini

375 2263 449 2345 S.
524 2257 840 2410 Justinae
918 2255 1430 2382 Explicatio.
1495 2265 1870 2371 Patavii,
1946 2271 2208 2378 1763.

267 2497 499 2609 3285
571 2493 802 2586 Bruti
894 2497 1216 2607 Joannis
1313 2494 1729 2583 Michaelis
1823 2498 2209 2586 Historiae

372 2613 842 2706 Florentinae
899 2613 1121 2700 Libri
1156 2620 1380 2702 VIII.
1442 2619 1851 2733 Lugduni,
1895 2620 2195 2705 heredes

353 2740 664 2845 Juntae,
753 2743 1010 2853 1562.
1056 2736 1136 2818 in
1189 2728 1310 2841 4⁰
1366 2736 1508 2851 lig.
1551 2738 1710 2827 hol.
1772 2781 1891 2798 -
1964 2739 2210 2824 Liber

358 2851 752 2972 perspeffae
806 2855 1150 2942 raritatis

263 2974 490 3085 3286
547 2966 1023 3062 Burchellati
1077 2966 1630 3060 Bartholomaei
1686 2975 2210 3060 Commenta·

371 3088 674 3175 riorum
736 3084 1371 3180 memorabilium
1424 3088 1874 3208 multiplicis
1929 3091 2194 3178 Histo-

371 3207 513 3302 riae,
574 3206 1004 3301 Tarvismae
1079 3202 1407 3355 locuples
1481 3205 2195 3329 Promptuarium.
2205 3292 2211 3298 .

377 3324 784 3462 Τανυζβὶζ,
839 3335 1103 3415 1616.
1149 3330 1229 3410 in
1284 3319 1417 3433 49·
1463 3330 1603 3445 lig.
1642 3333 1810 3445 gal..

261 3449 485 3559 3287
548 3442 791 3557 Burgi
881 3443 1091 3532 Petri
1167 3442 1515 3579 Baptistae
1607 3451 1730 3533 De
1807 3442 2209 3532 Dominio

368 3512 841 3700 Reipublicae
903 3561 1327 3650 Genuenfis
1383 3561 1477 3654 in
1533 3564 1747 3652 Mari
1801 3562 2195 3678 Ligustico

372 3679 603 3768 Libri
653 3687 771 3774 ΙΙ.
816 3683 1112 3789 Romae,
1181 3694 1439 3788 1641.
1487 3684 1567 3766 in
1628 3680 1746 3791 49
1801 3684 1934 3799 lig.
1994 3684 2139 3770 hol.

260 3801 493 3916 3288
555 3797 881 3887 Candidi
989 3799 1308 3911 Joannis
1416 3796 2195 3894 Commentariorum

372 3915 1002 4037 Aquilejenfium
1030 3917 1262 4006 Libri
1288 3922 1534 4007 VIII.
1585 3921 1957 4025 Veneriis,
2013 3924 2192 4007 Ale-

382 4038 595 4125 xand·
656 4042 757 4125 dc
812 4039 1229 4145 Βὶηᾶοηὶς,
1293 4064 1541 4149 1521.
1600 4041 1679 4124 in
1721 4032 1855 4149 f⁰

259 4158 570 4269 3289
842 4152 1086 4243 Aliud
1148 4153 1570 4272 Exemplar
1647 4154 1981 4263 ejusdem
2038 4153 2190 4243 edi-

377 4274 655 4383 tionis,
715 4308 876 4360 cum
934 4277 1124 4361 notis
1178 4270 1342 4390 mffi
1402 4282 1572 4361 Saec.
1632 4281 1860 4365 XVI.

258 4426 487 4508 3290
545 4391 892 4529 Capacii·
963 4391 1160 4504 Julii
1257 4390 1568 4481 Caesaris
1668 4390 2208 4543 Neapolitana}

346 4509 747 4606 Historiae
797 4509 1018 4598 Libri
1057 4519 1175 4602 II.
1219 4515 1594 4631 Neapoli,
1653 4526 1897 4628 1607.
1957 4515 2039 4597 in
2072 4508 2191 4620 49

252 4661 477 4747 3291
794 4630 1195 4723 Historia
1274 4629 1692 4722 Puteolana
1722 4695 1749 4741 ,
1840 4662 1927 4718 ac
2005 4628 2192 4739 ejus-

362 4749 549 4836 dem
602 4751 701 4839 de
738 4746 1036 4840 Balneis
1067 4748 1449 4845 Libellus.
1514 4754 1891 4872 Neapoli,
1945 4761 2210 4858 1604.

364 4870 453 4955 in
514 4863 632 4977 49

1849 5016 2080 5100 3292
