3225 7067
370 1534 1074 1649 moonnttonns

365 1682 484 1787 toris,
515 1677 659 1780 Otatio
674 1678 721 1764 ad
736 1677 983 1764 Leonatdnm
1012 1683 1271 1763 Lantetannn

275 1844 276 1847 Ν
364 1793 1001 1901 DucemVenetiarnm.Ve'nttiis,
1025 1787 1271 1912 1503.in4⁰

236 1926 249 1954 ⁶
423 1916 583 2006 Barletii
603 1914 752 2003 Marini
781 1920 844 2001 De
859 1911 1068 2000 Obstdione
1096 1912 1269 2000 Scodren-

366 2041 415 2125 fi.
449 2039 630 2141 Venetis,
663 2062 786 2147 1504
816 2036 857 2118 in
886 2026 946 2141 4⁰
1253 2111 1262 2135 ,

423 2152 624 2241 Valeriani
640 2150 761 2240 Pierii
777 2148 919 2238 Oratio
947 2148 989 2236 in
1008 2146 1144 2237 sonere
1161 2146 1268 2236 Hier·

367 2275 507 2385 onynti
547 2264 736 2358 Tuttiani
775 2270 1034 2356 Veronenfis.
1075 2269 1270 2377 Veneriis,

363 2419 434 2513 per
462 2397 648 2477 Lazarum
678 2388 877 2494 Samium,
907 2392 945 2472 in
974 2381 1035 2493 4⁰

426 2507 583 2596 Hnnaci
603 2504 756 2593 Alberti
780 2506 990 2592 Orationes
1016 2504 1099 2592 duae
1129 2502 1174 2591 in
1205 2500 1272 2591 lan

371 2630 462 2716 dem
490 2634 540 2712 D.
570 2624 759 2713 'litomae-
792 2626 972 2731 Veneriis,
1007 2652 1131 2737 1507.
1161 2625 1205 2709 in
1223 2615 1272 2732 4⁰

426 2743 570 2832 Reblet
598 2741 861 2852 Hieronymi,
894 2741 1073 2830 Oratotis
1090 2737 1273 2829 Maximi·

369 2862 466 2951 liani
496 2870 526 2949 Ι.
557 2870 656 2979 Imo
684 2859 832 2949 Oratio
864 2862 912 2947 ad
941 2862 1127 2947 Senatum
1155 2866 1292 2994 Veoel

371 3010 458 3071 tum
485 2981 627 3131 ohabita
655 3010 716 3067 an.
752 3007 874 3096 1507.
912 2982 1003 3064 Sine
1039 2981 1119 3065 ulla
1147 3006 1274 3085 ¹nota,

373 3136 414 3187 m
445 3131 485 3209 4.

429 3215 651 3306 Becichetni
690 3212 843 3301 Marini
871 3214 1077 3303 Orationes
1105 3240 1206 3325 tros,
1235 3213 1273 3301 td

219 3440 225 3452 ο
373 3334 596 3424 Antonium
627 3331 867 3419 Grimanum
899 3332 1022 3421 Prino
1051 3340 1196 3422 Venet.
1234 3331 1271 3419 td

372 3460 555 3541 Marcum
583 3448 814 3539 Cornelium
848 3453 963 3537 Card.
1000 3450 1049 3537 ad
1085 3454 1271 3538 Andrean
1285 3499 1292 3536 ς

372 3568 548 3660 Priolum
579 3566 620 3656 in
650 3566 717 3655 suo
745 3597 961 3657 conventu.
991 3574 1083 3657 Sint
1115 3575 1197 3659 ulla
1222 3601 1270 3655 nc»

377 3722 439 3795 ta,
469 3684 488 3801 (
516 3694 601 3774 Saec.
631 3686 783 3802 XVI.)
815 3690 855 3772 in
884 3684 945 3797 4.⁰
1184 3681 1188 3688 ⁸

428 3850 548 3871 --
575 3803 783 3895 Orationes
800 3806 882 3894 duae
894 3807 942 3893 ad
959 3807 1161 3895 Andream
1177 3805 1270 3894 Gtit·

375 3951 463 4014 tum
490 3929 642 4011 Ducem
672 3929 812 4013 Venet.
840 3955 911 4042 pro
938 3925 1156 4013 Aotdemia·
1177 3931 1270 4012 Pan·

375 4041 493 4149 vioa‚
521 4046 560 4131 &
589 4041 630 4128 io
660 4039 793 4130 funere
821 4050 881 4154 Jo
899 4042 1004 4129 Petri
1017 4040 1145 4131 stellae
1176 4049 1273 4154 Mag·

374 4165 517 4247 Venet.
532 4158 787 4248 Cancellarii.
820 4161 1002 4269 Veneriis,
1025 4188 1150 4274 1524.
1168 4165 1210 4247 in
1225 4147 1275 4272 '4⁰

322 4281 431 4388 3678
463 4276 677 4365 lauredani
707 4276 931 4365 Bemardini
959 4277 1104 4367 Oratio
1142 4277 1188 4367 in
1224 4277 1278 4367 fo·

306 4397 309 4403 ’
373 4422 464 4479 nere
494 4400 555 4479 Μ.
593 4394 761 4483 Antonii
789 4394 991 4484 Trivisani
1028 4397 1288 4489 venetiarum

286 4521 289 4528 '
373 4507 579 4626 Principis.
621 4516 801 4622 Veneriis,
841 4516 939 4602 Aldi
967 4515 1034 4632 fil.
1079 4543 1209 4631 1554.
1249 4521 1290 4605 in

374 4622 434 4737 4⁰
460 4629 529 4744 lig'.
557 4629 629 4716 hol.
657 4672 717 4695 -
745 4634 938 4720 Accedunt

433 4746 599 4855 Gyraldi
619 4748 788 4858 Cynthii
806 4749 966 4864 Joannit
988 4750 1163 4871 Baptista
1190 4760 1293 4846 ora.

376 4859 435 4952 tio
462 4864 510 4954 nd
539 4870 601 4953 Μ.
618 4866 842 4989 Antonium
870 4868 1127 4984 Trivisaoum
1158 4879 1293 4967 Vetto

1157 5017 1236 5082 tu-
