3225 7067
387 1557 446 1641 34
483 1523 826 1612 Hrssoam
856 1519 1181 1607 aroanna

386 1705 506 1751 narum
537 1680 615 1751 sac.
639 1677 717 1747 XV.
748 1699 822 1775 pag.
853 1696 948 1769 443.
979 1671 1122 1745 omnino
1153 1670 1299 1744 conslat.

390 1799 538 1872 Nullum
580 1792 654 1867 sane
695 1791 831 1894 gravius
871 1810 1104 1892 argumentum
1145 1789 1185 1863 ad
1228 1816 1299 1863 rem

375 1911 673 2015 ¹nomprobandam
704 1909 798 1984 afferi
829 1909 956 2010 potesl,
995 1933 1097 2007 quam
1135 1906 1229 2007 quod
1257 1932 1299 1981 ex

375 2059 453 2106 nna
481 2031 543 2105 hac
574 2030 750 2128 eademque
789 2026 940 2101 editione
981 2026 1185 2127 exemplaria
1196 2012 1299 2101 lnon·

386 2152 479 2251 nnlla
510 2149 592 2240 bnt,
622 2148 743 2247 quibus
772 2144 1150 2247 impreffionis,-quam
1181 2143 1258 2219 dixi
1288 2199 1299 2235 ,

383 2265 566 2342 annotatio
594 2265 721 2367 adjesla
750 2262 875 2338 fuerit:
909 2261 1094 2364 cujusmodi
1125 2288 1231 2336 unum
1260 2263 1298 2336 in

387 2384 604 2459 Bibliotheca
644 2384 775 2485 privata
819 2382 874 2456 Pii
904 2386 968 2455 vl.
1000 2384 1036 2453 P.
1066 2383 1121 2455 Μ.
1149 2380 1299 2456 feliciter

372 2502 556 2605 ¹regnantis
587 2499 808 2575 Audisredius
848 2497 916 2601 ipse
957 2498 1070 2573 vidit.
1113 2498 1170 2572 Est
1209 2500 1299 2575 liber

386 2619 573 2695 charanere
604 2624 761 2694 Romano
791 2614 986 2719 impressus,
1028 2635 1116 2691 caret
1146 2619 1298 2693 numeris

371 2740 419 2811 ⁴&
450 2736 649 2842 fignatnris,
677 2735 766 2812 haud
787 2763 870 2811 vero
886 2733 1097 2837 custodibus3
1129 2734 1227 2810 linere
1258 2739 1296 2811 io

372 2883 580 2957 numquaque
622 2856 744 2958 pagina
786 2856 917 2956 integra
955 2854 1025 2928 duae
1071 2881 1109 2927 ac
1140 2855 1297 2955 ‘triginta

342 3019 352 3032 ι
384 2972 480 3048 sunt:
516 3002 588 3075 qua
618 2974 735 3049 omnia
766 2971 985 3048 Audisredius
1014 2998 1147 3072 quoque
1177 2971 1297 3049 scribit

383 3093 423 3168 de
455 3093 701 3194 exemplaribus
731 3120 750 3167 a
780 3091 813 3166 se
842 3091 940 3167 vifis.
990 3094 992 3097 ’

440 3213 480 3285 ln
511 3210 577 3286 fine
601 3209 807 3311 Cyropadiae
837 3210 878 3284 ad
902 3211 1008 3284 imam
1039 3211 1167 3312 pagina
1197 3236 1295 3287 oram

380 3328 424 3403 stc
454 3329 518 3401 est:
552 3330 638 3400 Huic
677 3350 785 3401 autem
813 3327 896 3425 Cyri
922 3330 1040 3403 Paediae
1068 3331 1157 3403 Idem
1185 3335 1295 3403 Fran·

380 3445 482 3538 oiseus
497 3444 666 3537 Philelfus
695 3474 790 3544 eques
811 3467 948 3520 auratus
963 3447 1207 3548 Laurentusque
1218 3472 1294 3547 poe·

377 3586 417 3635 ta
441 3586 613 3637 extremum
631 3565 781 3663 imposuit
798 3593 929 3638 manum
944 3567 1130 3639 Mediolani
1158 3567 1214 3639 ad.
1234 3574 1294 3642 Xl.

318 3737 324 3746 .
379 3685 462 3753 Kal.
493 3682 650 3774 obtabas,
681 3711 765 3755 anno
793 3711 815 3755 a
845 3685 956 3757 natali
984 3686 1292 3775 christianoMille·

347 3800 455 3888 ¹'fimo
485 3801 796 3899 quadringentesimo
822 3803 1175 3902 sexagefmoseptimo.

466 3918 592 4019 Pagina
634 3919 756 3994 ultima
786 3921 1007 4022 Epigramma
1049 3923 1291 3999 tantummodo

366 4036 562 4127 eontinet,
605 4037 698 4138 cujus
729 4037 928 4140 inscriptio:
965 4042 1180 4137 ‘Collipbilus
1208 4048 1292 4115 Ber-

374 4156 536 4228 nardinus
558 4157 759 4230 Robiatinus
789 4158 824 4228 in
846 4160 1066 4255 Xenophontis
1095 4160 1219 4251 libros,
1249 4164 1291 4235 de

373 4273 456 4365 Cyri
481 4273 587 4369 paedia
600 4303 616 4344 .·
641 4295 701 4371 per
730 4276 935 4369 clatiffienum
965 4300 1118 4349 oratorem
1143 4302 1288 4376 poetam·

376 4416 436 4485 que
466 4390 676 4483 franciscum
705 4393 889 4485 Philelfum
928 4396 1067 4493 equitem
1108 4421 1285 4488 auratum,

373 4507 414 4580 de
440 4534 541 4611 greco
573 4509 608 4580 in
639 4511 781 4584 latinum
811 4511 972 4607 conuersos

324 4747 430 4824 2621
467 4740 733 4857 Xenophontis
750 4743 962 4860 Expeditio
980 4745 1102 4856 Cyri,
1132 4701 1287 4833 &Ora-

369 4855 434 4944 sio
471 4856 512 4946 in
548 4857 789 4975 Agesilaum,
827 4893 850 4949 a
888 4867 1049 4955 Thoma
1087 4865 1286 5069 Hpgplhin·

1212 5044 1228 5095 θ
