3225 7067
381 1575 464 1660 206
520 1570 564 1657 O
590 1568 630 1656 R
660 1572 701 1655 A
730 1573 773 1658 Τ
801 1569 823 1658 Ι
851 1573 892 1657 0
922 1571 964 1658 N
992 1565 1086 1658 ES

434 1710 632 1853 Philelphi
659 1710 849 1802 Francisci
877 1712 1066 1835 Epistola]
1095 1713 1280 1808 breviore

374 1830 719 2039 elegannotesgue.
748 1837 986 1951 Argentinae,
1020 1861 1147 1950 1513·
1173 1838 1219 1923 in
1234 1834 1280 1949 4¹

216 2061 219 2067 .
324 1984 439 2071 3720
469 1951 657 2039 Pimbiot
685 1951 857 2039 Antonii
895 1951 1093 2042 Praeleaio
1131 1952 1176 2040 in
1208 1959 1280 2066 Gy

378 2067 526 2162 mnasto
543 2067 732 2160 Patavino
761 2097 852 2158 cum
880 2070 1054 2189 primunt
1082 2069 1126 2158 in
1156 2070 1280 2162 schola

376 2189 635 2312 poffeffionent
663 2186 838 2280 venitet·
865 2195 1045 2300 Patavii,
1073 2195 1253 2280 Coruinus

315 2359 320 2368 ·
383 2322 508 2425 1764.
536 2313 577 2395 in
605 2302 665 2420 4?
694 2313 761 2428 lig.
789 2309 863 2396 bol.
1257 2373 1276 2408 ,

322 2457 431 2547 3721
465 2423 613 2517 Pulvaei
628 2425 794 2515 Adriani
815 2423 965 2515 Oratio
992 2428 1040 2514 de
1067 2427 1280 2518 Advocato

377 2577 468 2635 rum
489 2544 704 2665 privilegiis
718 2543 815 2633 fori.
843 2550 1044 2664 Lugduni,
1059 2551 1272 2638 Rovilliut

384 2697 402 2754 Ι
440 2677 508 2752 60·
536 2666 577 2751 in
608 2659 666 2751 80⁰

325 2690 434 2898 372}
464 2778 653 2882 Reusneri
677 2777 834 2870 Nicolai
861 2779 1070 2872 Orationes
1085 2781 1280 2901 Panegyri

378 2932 450 2989 εκ.
468 2903 601 3015 Iena,
636 2928 758 3015 1595.
788 2904 842 2987 Τ.
870 2908 923 2989 ΙΙ.
953 2907 993 2987 in
1024 2896 1082 2987 8.⁰
1111 2907 1179 3023 lig.
1209 2907 1280 2991 bol.

324 3049 434 3138 3723
468 3018 682 3109 Riccoboni
709 3016 881 3108 Antonii
909 3018 1150 3109 orationum
1168 3021 1280 3110 Volu

378 3138 490 3228 mina
527 3140 627 3228 duo.
665 3143 856 3248 Patavii,
899 3166 1112 3253 1591·92.
1155 3147 1210 3227 T.
1237 3143 1280 3229 H

376 3263 418 3346 in
446 3251 507 3369 4⁰
536 3260 601 3377 lig.
631 3255 703 3344 bot.
732 3276 792 3324 ·‘-
819 3261 1015 3344 Accedunt
1131 3327 1134 3334 .

435 3376 597 3490 Egnatii
622 3369 795 3488 -Joannis
841 3377 1016 3493 Baptista
1053 3377 1200 3466 Oratio
1245 3374 1280 3463 ir

376 3487 509 3582 funere
538 3492 693 3581 Nicolai
722 3493 857 3580 Ursini
892 3493 1004 3583 Nola
1033 3495 1280 3617 Petilianiqw

377 3609 587 3731 Principis.
617 3610 830 3727 (Veneriis,
867 3612 1015 3729 1509.)
1045 3616 1087 3700 in
1115 3609 1177 3725 4⁰

435 3737 605 3847 Progne,
633 3733 846 3845 Tragoedia
874 3762 977 3820 nunc
1010 3730 1186 3851 primum
1214 3725 1280 3822 en·

376 3877 418 3939 ta
456 3848 659 3966 (auiiore
699 3848 893 3965 Gregorio
929 3852 1115 3940 Corrario
1143 3849 1162 3967 )
1194 3912 1206 3938 .
1242 3855 1280 3938 n

200 3989 207 4004 “
379 3969 580 4057 Academia
612 3974 770 4076 Veneta,
805 3968 928 4084 1558.
958 3973 998 4055 in
1026 3964 1086 4078 4⁰
1222 4020 1228 4034 ·

324 4116 438 4201 3724
465 4086 640 4175 Romani
676 4085 830 4199 Jacobi‚
868 4095 924 4175 U.
961 4092 997 4200 J.
1026 4088 1214 4179 nonoris
1248 4118 1280 4179 o

376 4206 536 4324 Equitis
554 4209 759 4296 Brixiensts
787 4214 863 4293 Pro
891 4205 1020 4294 Patria
1047 4210 1096 4295 ad
1116 4202 1280 4298 1111111111

378 4326 523 4412 fimum
552 4323 761 4414 Nicolaum
780 4333 963 4415 Tronum
994 4331 1146 4414 Ducem
1165 4333 1279 4417 Vene

376 4466 464 4530 tum
493 4443 810 4558 Congratulatio.
849 4451 896 4532 In
936 4447 1032 4534 fine:
1073 4443 1280 4566 Impreffin

370 4584 441 4681 per
473 4567 697 4681 Magistrum
723 4565 1004 4674 ⁸Florentium:
1033 4565 1082 4650 de
1109 4570 1280 4684 Argenti·

375 4713 444 4766 na.
461 4687 524 4767 Μ.
542 4688 695 4770 CCCC.
710 4684 876 4769 LXXII.
905 4685 954 4771 de
979 4717 1067 4772 veto
1084 4689 1176 4769 XX.
1194 4720 1279 4773 men

371 4799 426 4915 fis
452 4803 616 4912 nonii,
654 4805 696 4889 in
724 4796 784 4913 4?
811 4846 871 4869 ···
898 4805 1066 4890 Libellus
1094 4805 1280 4922 eleganti]

368 4918 508 5035 fimus,
535 4949 647 5041 atque
674 4924 815 5012 eximin
842 4926 1006 5016 raritatis

1113 5069 1230 5158 3725
