3225 7067
484 1502 657 1597 noem
688 1511 885 1594 nnmnr
915 1514 1046 1597 vm.
1127 1537 1211 1626 217

391 1659 496 1757 Quom
525 1667 634 1737 Labor
668 1662 720 1735 bic
747 1659 874 1756 primus
914 1661 1033 1733 calami
1068 1659 1270 1760 superauerit

448 1805 572 1855 artem.

602 1902 655 1972 Μ.
672 1903 791 1971 CCCC.
810 1900 976 1972 LXVllll.
1088 1941 1091 1948 ·

321 2075 412 2183 3779
443 2077 504 2156 M.
525 2070 654 2159 Tullii
684 2067 884 2157 Ciceronis
914 2068 1091 2185 Epistolae
1119 2073 1166 2158 ad
1195 2076 1266 2160 Fa·

363 2186 545 2277 miliares.
573 2188 726 2305 Absque
754 2193 823 2273 loci
851 2199 903 2275 ω’
922 2192 1139 2309 'typographi
1158 2212 1266 2301 nota,

368 2337 484 2421 1470.
515 2314 556 2393 in
576 2303 636 2421 Γ
665 2314 732 2426 lig.
762 2299 834 2393 bol.

412 2490 535 2566 Editio
566 2489 679 2565 eadem
708 2489 775 2581 est,
816 2516 915 2590 quam
945 2489 1045 2565 refert
1076 2492 1197 2566 Burius
1228 2494 1264 2567 in

355 2608 613 2711 ¹liibliogrnphin
641 2637 675 2684 n.
699 2631 819 2702 2410.
850 2612 1032 2710 Exemplar
1063 2637 1144 2685 vero
1174 2611 1263 2712 opti·

355 2753 408 2800 me
438 2727 671 2803 conservatum
699 2727 763 2818 est,
804 2753 882 2801 curn
920 2725 1045 2802 litteris
1074 2728 1265 2804 initialibus

350 2844 496 2946 depietis
1045 2956 1053 2965 ,

302 3021 411 3130 [780
443 3022 503 3105 M.
523 3008 649 3107 Tullii
681 3007 881 3106 Ciceronis
911 3011 1088 3136 Epistola}
1117 3021 1163 3105 ad
1193 3018 1263 3105 Fa-

353 3135 541 3225 miliares.
580 3141 818 3246 Mediolani,
851 3162 921 3254 per
957 3139 1174 3255 Philippum
1215 3142 1263 3224 de

351 3261 564 3375 stringnen,
610 3284 729 3364 1472.
770 3261 811 3341 in
839 3249 899 3366 Γ
941 3259 1006 3372 lig.
1048 3261 1164 3370 antiq.
1203 3299 1262 3319 -·

353 3380 559 3494 Exemplar
588 3379 862 3491 integerrimum
890 3407 932 3460 ac
959 3374 1241 3492 nitidsffimum

405 3561 529 3633 Tantae
558 3557 708 3632 raritatis
737 3557 795 3633 hic
825 3557 912 3632 liber
941 3550 1008 3647 est,
1038 3575 1077 3631 ut
1106 3547 1259 3632 eruditis·

350 3676 470 3750 fimum
497 3677 658 3767 Saxium,
687 3703 764 3750 cum
787 3675 975 3751 Historiam
1006 3673 1259 3770 litterario-ty·

350 3793 589 3896 pographicam
601 3792 886 3868 Mediolanensem
898 3792 1258 3883 conscriberet,omni·

346 3931 396 3988 'no
425 3913 586 4016 latuerit;
618 3912 739 3986 Burius
778 3932 890 3987 autem
928 3911 966 3985 in
996 3911 1257 4012 Bibliographia

348 4056 380 4105 n.
412 4053 538 4129 2413.
567 4030 714 4131 primum
754 4030 943 4104 editionem
984 4027 1090 4130 ipsum
1129 4049 1257 4127 apocry-

349 4151 446 4246 pham
475 4149 626 4239 dixerit,
656 4147 793 4240 deinde,
825 4176 867 4222 an
887 4173 1001 4223 revera
1029 4168 1177 4247 unquam
1208 4146 1256 4220 fa·

348 4265 402 4342 sta
422 4266 485 4358 fit,
514 4267 547 4341 se
563 4267 713 4341 dubitare
731 4266 919 4341 addiderit.
950 4268 1002 4339 At
1020 4265 1146 4340 librum
1176 4291 1255 4339 ocu·

347 4386 390 4460 lis
426 4385 561 4481 viderat
592 4384 656 4459 suis
686 4384 924 4476 Maittairius,
954 4403 1072 4485 utpote
1110 4383 1172 4483 qui
1216 4384 1253 4457 io

351 4503 540 4579 Annalibus
558 4502 833 4604 Typogrnphicis
847 4505 894 4577 Τ.
911 4505 973 4575 Ν.
997 4505 1033 4575 P.
1052 4505 1079 4576 1.
1109 4529 1142 4604 p.
1162 4524 1255 4601 319.

350 4643 421 4696 tum
451 4640 604 4696 accurate
632 4621 813 4713 describit,
854 4648 892 4696 ac
931 4624 1039 4695 multa
1079 4647 1117 4696 ea
1156 4620 1255 4694 verba

352 4742 460 4832 affert,
502 4765 579 4840 quae
610 4738 785 4842 Philippus
824 4738 864 4814 de
893 4742 1055 4842 Lavagna
1096 4757 1254 4815 extremo

352 4854 431 4933 lolio
460 4855 605 4965 adjecit,
645 4885 713 4959 quo
742 4857 926 4935 editionem
961 4858 1046 4933 hanc
1076 4854 1252 4960 permagni

1148 4971 1195 5048 fa·
1254 5009 1265 5026 >·
1302 4958 1304 4961 ,
