<?xml version="1.0" encoding="UTF-8"?>
<!DOCTYPE html PUBLIC "-//W3C//DTD XHTML 1.0 Transitional//EN"
    "http://www.w3.org/TR/xhtml1/DTD/xhtml1-transitional.dtd">
<html xmlns="http://www.w3.org/1999/xhtml" xml:lang="en" lang="en">
 <head>
  <title>
</title>
<meta http-equiv="Content-Type" content="text/html;charset=utf-8" />
  <meta name='ocr-system' content='tesseract 3.04.00' />
  <meta name='ocr-capabilities' content='ocr_page ocr_carea ocr_par ocr_line ocrx_word'/>
</head>
<body>
  <div class='ocr_page' id='page_1' title='image "bibliothecamaph04moregoog_0163.png"; bbox 0 0 3225 7067; ppageno 0'>
   <div class='ocr_carea' id='block_1_1' title="bbox 551 1544 1224 1669">
    <p class='ocr_par' dir='ltr' id='par_1_1' title="bbox 551 1544 1224 1669">
     <span class='ocr_line' id='line_1_1' title="bbox 551 1544 1224 1669; baseline 0 -38"><span class='ocrx_word' id='word_1_1' title='bbox 551 1544 1224 1669; x_wconf 73' lang='lat' dir='ltr'>ITAL1AE1⁶3</span> 
     </span>
    </p>
   </div>
   <div class='ocr_carea' id='block_1_2' title="bbox 323 1689 1447 2401">
    <p class='ocr_par' dir='ltr' id='par_1_2' title="bbox 326 1689 1290 1926">
     <span class='ocr_line' id='line_1_2' title="bbox 326 1689 1290 1808; baseline 0.008 -28"><span class='ocrx_word' id='word_1_2' title='bbox 326 1693 427 1808; x_wconf 81' lang='lat'><em>3448</em></span> <span class='ocrx_word' id='word_1_3' title='bbox 462 1689 643 1779; x_wconf 86' lang='lat' dir='ltr'>Sabellici</span> <span class='ocrx_word' id='word_1_4' title='bbox 661 1695 725 1778; x_wconf 87' lang='lat' dir='ltr'>M.</span> <span class='ocrx_word' id='word_1_5' title='bbox 743 1690 913 1782; x_wconf 85' lang='lat' dir='ltr'>Antonii</span> <span class='ocrx_word' id='word_1_6' title='bbox 943 1699 1004 1783; x_wconf 90' lang='lat' dir='ltr'>De</span> <span class='ocrx_word' id='word_1_7' title='bbox 1021 1699 1183 1787; x_wconf 84' lang='lat' dir='ltr'>Venetis</span> <span class='ocrx_word' id='word_1_8' title='bbox 1201 1708 1290 1789; x_wconf 87' lang='lat' dir='ltr'>Ma·</span> 
     </span>
     <span class='ocr_line' id='line_1_3' title="bbox 336 1809 1144 1926; baseline -0.004 -26"><span class='ocrx_word' id='word_1_9' title='bbox 336 1809 610 1926; x_wconf 59' lang='lat' dir='ltr'>&#39;gistratibuo</span> <span class='ocrx_word' id='word_1_10' title='bbox 642 1815 825 1920; x_wconf 71' lang='lat' dir='ltr'>Veneriis,</span> <span class='ocrx_word' id='word_1_11' title='bbox 861 1814 984 1922; x_wconf 90' lang='lat'><strong>1488.</strong></span> <span class='ocrx_word' id='word_1_12' title='bbox 1013 1819 1055 1900; x_wconf 90' lang='lat' dir='ltr'>in</span> <span class='ocrx_word' id='word_1_13' title='bbox 1085 1812 1144 1925; x_wconf 71' lang='lat'>4⁰</span> 
     </span>
    </p>

    <p class='ocr_par' dir='ltr' id='par_1_3' title="bbox 323 1931 1412 2280">
     <span class='ocr_line' id='line_1_4' title="bbox 323 1931 1412 2057; baseline -0.028 -27"><span class='ocrx_word' id='word_1_14' title='bbox 323 1959 424 2045; x_wconf 72' lang='lat'>3449</span> <span class='ocrx_word' id='word_1_15' title='bbox 456 1975 579 1995; x_wconf 93' lang='lat'>·-</span> <span class='ocrx_word' id='word_1_16' title='bbox 607 1937 668 2018; x_wconf 90' lang='lat' dir='ltr'>De</span> <span class='ocrx_word' id='word_1_17' title='bbox 696 1932 897 2020; x_wconf 72' lang='lat' dir='ltr'>Vetustate</span> <span class='ocrx_word' id='word_1_18' title='bbox 927 1931 1185 2052; x_wconf 70' lang='lat' dir='ltr'>Aquileiensis</span> <span class='ocrx_word' id='word_1_19' title='bbox 1224 1970 1287 2057; x_wconf 72' lang='lat' dir='ltr'>pa.</span> <span class='ocrx_word' id='word_1_20' title='bbox 1409 1937 1412 1943; x_wconf 75' lang='grc'><strong>’</strong></span> 
     </span>
     <span class='ocr_line' id='line_1_5' title="bbox 367 2049 1284 2172; baseline -0.019 -33"><span class='ocrx_word' id='word_1_21' title='bbox 367 2049 473 2158; x_wconf 68' lang='lat' dir='ltr'>triae,</span> <span class='ocrx_word' id='word_1_22' title='bbox 503 2055 746 2139; x_wconf 83' lang='lat' dir='ltr'>&amp;Poemata</span> <span class='ocrx_word' id='word_1_23' title='bbox 776 2050 905 2139; x_wconf 80' lang='lat' dir='ltr'>varia·</span> <span class='ocrx_word' id='word_1_24' title='bbox 935 2053 1088 2172; x_wconf 79' lang='lat' dir='ltr'><em>Absque</em></span> <span class='ocrx_word' id='word_1_25' title='bbox 1117 2059 1196 2142; x_wconf 81' lang='lat' dir='ltr'><em>ulla</em></span> <span class='ocrx_word' id='word_1_26' title='bbox 1222 2085 1284 2163; x_wconf 59' lang='lat' dir='ltr'>no.</span> 
     </span>
     <span class='ocr_line' id='line_1_6' title="bbox 364 2164 1163 2280; baseline -0.013 -26"><span class='ocrx_word' id='word_1_27' title='bbox 364 2198 428 2278; x_wconf 80' lang='lat' dir='ltr'>ta,</span> <span class='ocrx_word' id='word_1_28' title='bbox 456 2173 547 2256; x_wconf 73' lang='lat' dir='ltr'>Soc.</span> <span class='ocrx_word' id='word_1_29' title='bbox 575 2175 665 2255; x_wconf 87' lang='lat' dir='ltr'>XV.</span> <span class='ocrx_word' id='word_1_30' title='bbox 694 2173 736 2256; x_wconf 83' lang='lat' dir='ltr'>in</span> <span class='ocrx_word' id='word_1_31' title='bbox 764 2164 825 2280; x_wconf 84' lang='lat'>4.⁰</span> <span class='ocrx_word' id='word_1_32' title='bbox 1156 2247 1163 2253; x_wconf 70' lang='grc'>,</span> 
     </span>
    </p>

    <p class='ocr_par' dir='ltr' id='par_1_4' title="bbox 323 2286 1447 2401">
     <span class='ocr_line' id='line_1_7' title="bbox 323 2286 1447 2401; baseline -0.004 -23"><span class='ocrx_word' id='word_1_33' title='bbox 323 2315 424 2401; x_wconf 72' lang='grc'><strong>3450</strong></span> <span class='ocrx_word' id='word_1_34' title='bbox 453 2286 561 2375; x_wconf 86' lang='lat' dir='ltr'>Saoci</span> <span class='ocrx_word' id='word_1_35' title='bbox 591 2291 774 2377; x_wconf 88' lang='lat' dir='ltr'>Bernardi</span> <span class='ocrx_word' id='word_1_36' title='bbox 805 2295 866 2377; x_wconf 89' lang='lat' dir='ltr'>De</span> <span class='ocrx_word' id='word_1_37' title='bbox 896 2287 1121 2380; x_wconf 80' lang='lat' dir='ltr'>Italicarum</span> <span class='ocrx_word' id='word_1_38' title='bbox 1152 2320 1296 2380; x_wconf 86' lang='lat' dir='ltr'>rerum.</span> <span class='ocrx_word' id='word_1_39' title='bbox 1440 2290 1447 2305; x_wconf 81' lang='grc'><strong>”</strong></span> 
     </span>
    </p>
   </div>
   <div class='ocr_carea' id='block_1_3' title="bbox 323 2405 1284 5134">
    <p class='ocr_par' dir='ltr' id='par_1_5' title="bbox 363 2405 1284 2767">
     <span class='ocr_line' id='line_1_8' title="bbox 365 2405 1284 2529; baseline 0.005 -35"><span class='ocrx_word' id='word_1_40' title='bbox 365 2405 564 2496; x_wconf 82' lang='lat' dir='ltr'>varietate·</span> <span class='ocrx_word' id='word_1_41' title='bbox 583 2405 696 2494; x_wconf 89' lang='lat' dir='ltr'>Libri</span> <span class='ocrx_word' id='word_1_42' title='bbox 726 2414 773 2495; x_wconf 90' lang='lat' dir='ltr'>X.</span> <span class='ocrx_word' id='word_1_43' title='bbox 814 2410 855 2495; x_wconf 92' lang='lat' dir='ltr'>in</span> <span class='ocrx_word' id='word_1_44' title='bbox 897 2408 1038 2529; x_wconf 81' lang='lat' dir='ltr'>quibus</span> <span class='ocrx_word' id='word_1_45' title='bbox 1075 2410 1284 2529; x_wconf 86' lang='lat' dir='ltr'>praesertim</span> 
     </span>
     <span class='ocr_line' id='line_1_9' title="bbox 363 2525 1283 2647; baseline 0.003 -35"><span class='ocrx_word' id='word_1_46' title='bbox 363 2526 409 2638; x_wconf 71' lang='lat' dir='ltr'>de</span> <span class='ocrx_word' id='word_1_47' title='bbox 440 2529 534 2624; x_wconf 72' lang='lat' dir='ltr'>urbe</span> <span class='ocrx_word' id='word_1_48' title='bbox 562 2525 784 2635; x_wconf 86' lang='lat' dir='ltr'>Ticinenfi,</span> <span class='ocrx_word' id='word_1_49' title='bbox 814 2526 968 2647; x_wconf 88' lang='lat' dir='ltr'>ejusque</span> <span class='ocrx_word' id='word_1_50' title='bbox 1002 2532 1123 2617; x_wconf 82' lang='lat' dir='ltr'>rebus‘</span> <span class='ocrx_word' id='word_1_51' title='bbox 1141 2527 1283 2618; x_wconf 80' lang='lat' dir='ltr'>differi-</span> 
     </span>
     <span class='ocr_line' id='line_1_10' title="bbox 366 2645 1153 2767; baseline 0.001 -35"><span class='ocrx_word' id='word_1_52' title='bbox 366 2672 449 2732; x_wconf 80' lang='lat' dir='ltr'>tur.</span> <span class='ocrx_word' id='word_1_53' title='bbox 481 2646 635 2750; x_wconf 77' lang='lat' dir='ltr'><em>Ticini,</em></span> <span class='ocrx_word' id='word_1_54' title='bbox 670 2647 793 2761; x_wconf 81' lang='lat'><strong>1587.</strong></span> <span class='ocrx_word' id='word_1_55' title='bbox 825 2651 866 2732; x_wconf 88' lang='lat' dir='ltr'>in</span> <span class='ocrx_word' id='word_1_56' title='bbox 895 2645 954 2757; x_wconf 71' lang='lat'>4⁰</span> <span class='ocrx_word' id='word_1_57' title='bbox 984 2652 1050 2767; x_wconf 82' lang='lat' dir='ltr'>lig.</span> <span class='ocrx_word' id='word_1_58' title='bbox 1080 2649 1153 2735; x_wconf 81' lang='lat' dir='ltr'>bol.</span> 
     </span>
    </p>

    <p class='ocr_par' dir='ltr' id='par_1_6' title="bbox 328 2760 1283 3329">
     <span class='ocr_line' id='line_1_11' title="bbox 328 2760 1283 2879; baseline 0.005 -28"><span class='ocrx_word' id='word_1_59' title='bbox 328 2792 417 2877; x_wconf 80' lang='lat'>3451</span> <span class='ocrx_word' id='word_1_60' title='bbox 439 2760 646 2879; x_wconf 82' lang='lat' dir='ltr'>Sagomini</span> <span class='ocrx_word' id='word_1_61' title='bbox 663 2761 823 2874; x_wconf 86' lang='lat' dir='ltr'>Joannis</span> <span class='ocrx_word' id='word_1_62' title='bbox 834 2763 1283 2878; x_wconf 86' lang='lat' dir='ltr'>ChroniconVenetum,</span> 
     </span>
     <span class='ocr_line' id='line_1_12' title="bbox 364 2882 1281 3002; baseline 0.003 -33"><span class='ocrx_word' id='word_1_63' title='bbox 364 2882 572 2992; x_wconf 80' lang='lat' dir='ltr'>omnium,</span> <span class='ocrx_word' id='word_1_64' title='bbox 601 2913 686 3002; x_wconf 85' lang='lat' dir='ltr'>qnae</span> <span class='ocrx_word' id='word_1_65' title='bbox 706 2882 1052 2995; x_wconf 84' lang='lat' dir='ltr'>circumferuntur,</span> <span class='ocrx_word' id='word_1_66' title='bbox 1081 2889 1281 2974; x_wconf 82' lang='lat' dir='ltr'>vetustiffi·</span> 
     </span>
     <span class='ocr_line' id='line_1_13' title="bbox 365 3004 1279 3111; baseline 0.002 -22"><span class='ocrx_word' id='word_1_67' title='bbox 365 3031 500 3111; x_wconf 87' lang='lat' dir='ltr'>mum,</span> <span class='ocrx_word' id='word_1_68' title='bbox 534 3004 669 3090; x_wconf 88' lang='lat' dir='ltr'>edente</span> <span class='ocrx_word' id='word_1_69' title='bbox 697 3004 952 3111; x_wconf 85' lang='lat' dir='ltr'>Hieronymo</span> <span class='ocrx_word' id='word_1_70' title='bbox 982 3011 1047 3090; x_wconf 86' lang='lat' dir='ltr'>Fr.</span> <span class='ocrx_word' id='word_1_71' title='bbox 1076 3006 1279 3094; x_wconf 83' lang='lat' dir='ltr'>Zanettio.</span> 
     </span>
     <span class='ocr_line' id='line_1_14' title="bbox 365 3116 1281 3241; baseline 0.002 -34"><span class='ocrx_word' id='word_1_72' title='bbox 365 3125 549 3231; x_wconf 78' lang='lat' dir='ltr'>Veneriis,</span> <span class='ocrx_word' id='word_1_73' title='bbox 585 3133 667 3236; x_wconf 88' lang='lat'>176</span> <span class='ocrx_word' id='word_1_74' title='bbox 673 3146 708 3233; x_wconf 86' lang='grc'>5.</span> <span class='ocrx_word' id='word_1_75' title='bbox 739 3125 780 3206; x_wconf 88' lang='lat' dir='ltr'>in</span> <span class='ocrx_word' id='word_1_76' title='bbox 812 3116 870 3208; x_wconf 67' lang='lat'>8?</span> <span class='ocrx_word' id='word_1_77' title='bbox 899 3165 959 3185; x_wconf 90' lang='lat'><em>-</em></span> <span class='ocrx_word' id='word_1_78' title='bbox 993 3118 1210 3241; x_wconf 76' lang='lat' dir='ltr'>Impreffum</span> <span class='ocrx_word' id='word_1_79' title='bbox 1240 3133 1281 3209; x_wconf 86' lang='lat' dir='ltr'>in</span> 
     </span>
     <span class='ocr_line' id='line_1_15' title="bbox 364 3242 963 3329; baseline 0 -2"><span class='ocrx_word' id='word_1_80' title='bbox 364 3242 490 3329; x_wconf 78' lang='lat' dir='ltr'><em>charta</em></span> <span class='ocrx_word' id='word_1_81' title='bbox 518 3243 689 3328; x_wconf 74' lang='lat' dir='ltr'>cerulea.</span> <span class='ocrx_word' id='word_1_82' title='bbox 718 3242 830 3328; x_wconf 80' lang='lat' dir='ltr'><em>Liber</em></span> <span class='ocrx_word' id='word_1_83' title='bbox 862 3273 963 3327; x_wconf 78' lang='lat' dir='ltr'><em>ratus</em></span> 
     </span>
    </p>

    <p class='ocr_par' dir='ltr' id='par_1_7' title="bbox 325 3356 1280 3833">
     <span class='ocr_line' id='line_1_16' title="bbox 325 3356 1278 3475; baseline 0.002 -28"><span class='ocrx_word' id='word_1_84' title='bbox 325 3388 415 3475; x_wconf 80' lang='lat'>3452</span> <span class='ocrx_word' id='word_1_85' title='bbox 446 3356 599 3447; x_wconf 83' lang='lat' dir='ltr'>Sandaei</span> <span class='ocrx_word' id='word_1_86' title='bbox 630 3358 760 3451; x_wconf 85' lang='lat' dir='ltr'>Felini</span> <span class='ocrx_word' id='word_1_87' title='bbox 790 3365 852 3445; x_wconf 88' lang='lat' dir='ltr'>De</span> <span class='ocrx_word' id='word_1_88' title='bbox 882 3356 1052 3473; x_wconf 85' lang='lat' dir='ltr'>Regibus</span> <span class='ocrx_word' id='word_1_89' title='bbox 1067 3358 1209 3447; x_wconf 79' lang='lat' dir='ltr'>Siciliae</span> <span class='ocrx_word' id='word_1_90' title='bbox 1238 3366 1278 3449; x_wconf 84' lang='lat'>8(</span> 
     </span>
     <span class='ocr_line' id='line_1_17' title="bbox 362 3475 1280 3617; baseline 0.001 -52"><span class='ocrx_word' id='word_1_91' title='bbox 362 3476 519 3598; x_wconf 68' lang='lat' dir='ltr'>Apulia</span> <span class='ocrx_word' id='word_1_92' title='bbox 557 3476 776 3595; x_wconf 89' lang='lat' dir='ltr'>Epitome.</span> <span class='ocrx_word' id='word_1_93' title='bbox 816 3475 999 3566; x_wconf 83' lang='lat' dir='ltr'>Parallela</span> <span class='ocrx_word' id='word_1_94' title='bbox 1038 3478 1280 3617; x_wconf 74' lang='lat' dir='ltr'>Alphonsmn</span> 
     </span>
     <span class='ocr_line' id='line_1_18' title="bbox 360 3594 1277 3687; baseline 0.001 -3"><span class='ocrx_word' id='word_1_95' title='bbox 360 3594 532 3687; x_wconf 89' lang='lat' dir='ltr'>Antonii</span> <span class='ocrx_word' id='word_1_96' title='bbox 561 3597 775 3685; x_wconf 80' lang='lat' dir='ltr'>Panomitae</span> <span class='ocrx_word' id='word_1_97' title='bbox 796 3600 847 3684; x_wconf 81' lang='lat' dir='ltr'>ab</span> <span class='ocrx_word' id='word_1_98' title='bbox 864 3604 989 3683; x_wconf 86' lang='lat' dir='ltr'>AEnea</span> <span class='ocrx_word' id='word_1_99' title='bbox 1005 3596 1132 3685; x_wconf 78' lang='lat' dir='ltr'>Silvto</span> <span class='ocrx_word' id='word_1_100' title='bbox 1149 3599 1277 3686; x_wconf 82' lang='lat' dir='ltr'>Piceo·</span> 
     </span>
     <span class='ocr_line' id='line_1_19' title="bbox 362 3712 1275 3833; baseline 0.002 -32"><span class='ocrx_word' id='word_1_101' title='bbox 362 3712 537 3805; x_wconf 85' lang='lat' dir='ltr'>lominoo</span> <span class='ocrx_word' id='word_1_102' title='bbox 572 3744 821 3833; x_wconf 83' lang='lat' dir='ltr'>comparata.</span> <span class='ocrx_word' id='word_1_103' title='bbox 868 3714 1125 3823; x_wconf 84' lang='lat' dir='ltr'>Batholomaei</span> <span class='ocrx_word' id='word_1_104' title='bbox 1166 3716 1275 3803; x_wconf 88' lang='lat' dir='ltr'>Facii</span> 
     </span>
    </p>

    <p class='ocr_par' dir='ltr' id='par_1_8' title="bbox 335 3831 1275 4063">
     <span class='ocr_line' id='line_1_20' title="bbox 335 3831 1275 3947; baseline 0 -26"><span class='ocrx_word' id='word_1_105' title='bbox 335 3831 410 3923; x_wconf 51' lang='lat' dir='ltr'>&#39;de</span> <span class='ocrx_word' id='word_1_106' title='bbox 432 3840 633 3925; x_wconf 72' lang='lat' dir='ltr'>&#39;Humano</span> <span class='ocrx_word' id='word_1_107' title='bbox 662 3833 766 3923; x_wconf 83' lang='lat' dir='ltr'>Vitae</span> <span class='ocrx_word' id='word_1_108' title='bbox 795 3832 979 3922; x_wconf 87' lang='lat' dir='ltr'>felicitate</span> <span class='ocrx_word' id='word_1_109' title='bbox 1008 3895 1019 3918; x_wconf 90' lang='lat'><strong>.</strong></span> <span class='ocrx_word' id='word_1_110' title='bbox 1060 3839 1275 3947; x_wconf 83' lang='lat' dir='ltr'>Hanooiae,</span> 
     </span>
     <span class='ocr_line' id='line_1_21' title="bbox 368 3947 651 4063; baseline 0 -22"><span class='ocrx_word' id='word_1_111' title='bbox 368 3966 491 4044; x_wconf 88' lang='lat'><strong>1611.</strong></span> <span class='ocrx_word' id='word_1_112' title='bbox 521 3960 563 4041; x_wconf 84' lang='lat' dir='ltr'>in</span> <span class='ocrx_word' id='word_1_113' title='bbox 591 3947 651 4063; x_wconf 79' lang='lat'>4⁰</span> 
     </span>
    </p>

    <p class='ocr_par' dir='ltr' id='par_1_9' title="bbox 323 4065 1277 4905">
     <span class='ocr_line' id='line_1_22' title="bbox 323 4065 1277 4190; baseline -0.003 -30"><span class='ocrx_word' id='word_1_114' title='bbox 323 4100 415 4190; x_wconf 80' lang='lat'>3453</span> <span class='ocrx_word' id='word_1_115' title='bbox 448 4075 497 4163; x_wconf 90' lang='lat' dir='ltr'>de</span> <span class='ocrx_word' id='word_1_116' title='bbox 536 4070 728 4161; x_wconf 85' lang='lat' dir='ltr'>Sandoval</span> <span class='ocrx_word' id='word_1_117' title='bbox 767 4065 967 4159; x_wconf 84' lang='lat' dir='ltr'>Prudentii</span> <span class='ocrx_word' id='word_1_118' title='bbox 1007 4077 1045 4157; x_wconf 79' lang='grc'>8(</span> <span class='ocrx_word' id='word_1_119' title='bbox 1081 4069 1277 4179; x_wconf 82' lang='lat' dir='ltr'>Ludovici</span> 
     </span>
     <span class='ocr_line' id='line_1_23' title="bbox 365 4189 1276 4308; baseline -0.003 -27"><span class='ocrx_word' id='word_1_120' title='bbox 365 4196 408 4281; x_wconf 87' lang='lat' dir='ltr'>de</span> <span class='ocrx_word' id='word_1_121' title='bbox 432 4196 604 4281; x_wconf 83' lang='lat' dir='ltr'>Cabrem</span> <span class='ocrx_word' id='word_1_122' title='bbox 632 4192 808 4278; x_wconf 84' lang='lat' dir='ltr'>Historia</span> <span class='ocrx_word' id='word_1_123' title='bbox 846 4189 1083 4308; x_wconf 80' lang='lat' dir='ltr'>captivitatis</span> <span class='ocrx_word' id='word_1_124' title='bbox 1121 4197 1155 4276; x_wconf 89' lang='lat' dir='ltr'>F</span> <span class='ocrx_word' id='word_1_125' title='bbox 1156 4190 1276 4278; x_wconf 83' lang='lat' dir='ltr'>muci·</span> 
     </span>
     <span class='ocr_line' id='line_1_24' title="bbox 362 4308 1276 4426; baseline -0.002 -27"><span class='ocrx_word' id='word_1_126' title='bbox 362 4310 408 4401; x_wconf 86' lang='lat' dir='ltr'>sci</span> <span class='ocrx_word' id='word_1_127' title='bbox 437 4319 471 4399; x_wconf 89' lang='lat'>1.</span> <span class='ocrx_word' id='word_1_128' title='bbox 502 4309 724 4399; x_wconf 80' lang='lat' dir='ltr'>Galliarum</span> <span class='ocrx_word' id='word_1_129' title='bbox 756 4309 877 4423; x_wconf 83' lang='lat' dir='ltr'>Regis</span> <span class='ocrx_word' id='word_1_130' title='bbox 913 4308 1012 4426; x_wconf 88' lang='lat' dir='ltr'>apud</span> <span class='ocrx_word' id='word_1_131' title='bbox 1041 4308 1276 4419; x_wconf 88' lang='lat' dir='ltr'>Ticinum,</span> 
     </span>
     <span class='ocr_line' id='line_1_25' title="bbox 363 4428 1275 4545; baseline -0.005 -26"><span class='ocrx_word' id='word_1_132' title='bbox 363 4463 428 4521; x_wconf 86' lang='lat' dir='ltr'>nec</span> <span class='ocrx_word' id='word_1_133' title='bbox 467 4461 547 4518; x_wconf 90' lang='lat' dir='ltr'>non</span> <span class='ocrx_word' id='word_1_134' title='bbox 576 4430 680 4519; x_wconf 85' lang='lat' dir='ltr'>Vitae</span> <span class='ocrx_word' id='word_1_135' title='bbox 722 4428 871 4515; x_wconf 82' lang='lat' dir='ltr'>Caroli·</span> <span class='ocrx_word' id='word_1_136' title='bbox 887 4433 939 4512; x_wconf 91' lang='lat' dir='ltr'>V.</span> <span class='ocrx_word' id='word_1_137' title='bbox 968 4432 1068 4545; x_wconf 88' lang='lat' dir='ltr'><strong>Imp.</strong></span> <span class='ocrx_word' id='word_1_138' title='bbox 1109 4428 1153 4515; x_wconf 90' lang='lat' dir='ltr'>in</span> <span class='ocrx_word' id='word_1_139' title='bbox 1184 4436 1275 4516; x_wconf 88' lang='lat' dir='ltr'>Mo·</span> 
     </span>
     <span class='ocr_line' id='line_1_26' title="bbox 364 4545 1273 4666; baseline -0.008 -27"><span class='ocrx_word' id='word_1_140' title='bbox 364 4552 547 4663; x_wconf 74' lang='lat' dir='ltr'>nosterio,</span> <span class='ocrx_word' id='word_1_141' title='bbox 589 4580 637 4638; x_wconf 87' lang='lat' dir='ltr'>ex</span> <span class='ocrx_word' id='word_1_142' title='bbox 666 4546 877 4666; x_wconf 83' lang='lat' dir='ltr'>Hispanico</span> <span class='ocrx_word' id='word_1_143' title='bbox 917 4545 1103 4636; x_wconf 87' lang='lat' dir='ltr'>idiomate</span> <span class='ocrx_word' id='word_1_144' title='bbox 1131 4548 1273 4634; x_wconf 86' lang='lat' dir='ltr'>Latine</span> 
     </span>
     <span class='ocr_line' id='line_1_27' title="bbox 367 4662 1271 4782; baseline -0.013 -24"><span class='ocrx_word' id='word_1_145' title='bbox 367 4671 529 4758; x_wconf 76' lang='lat' dir='ltr'>reddita.</span> <span class='ocrx_word' id='word_1_146' title='bbox 559 4671 770 4755; x_wconf 81' lang='lat' dir='ltr'>Mediolani</span> <span class='ocrx_word' id='word_1_147' title='bbox 788 4666 805 4782; x_wconf 90' lang='lat'>(</span> <span class='ocrx_word' id='word_1_148' title='bbox 822 4662 1121 4780; x_wconf 71' lang='lat' dir='ltr'>AEnstelodami)</span> <span class='ocrx_word' id='word_1_149' title='bbox 1147 4691 1271 4777; x_wconf 73' lang='lat'><strong>1715.</strong></span> 
     </span>
     <span class='ocr_line' id='line_1_28' title="bbox 368 4783 1152 4905; baseline 0.001 -34"><span class='ocrx_word' id='word_1_150' title='bbox 368 4790 405 4875; x_wconf 82' lang='lat' dir='ltr'>in</span> <span class='ocrx_word' id='word_1_151' title='bbox 433 4783 492 4875; x_wconf 71' lang='lat'>8?</span> <span class='ocrx_word' id='word_1_152' title='bbox 520 4791 587 4905; x_wconf 78' lang='lat' dir='ltr'>lig.</span> <span class='ocrx_word' id='word_1_153' title='bbox 618 4788 691 4874; x_wconf 83' lang='lat' dir='ltr'>bol.</span> <span class='ocrx_word' id='word_1_154' title='bbox 719 4832 779 4853; x_wconf 90' lang='lat'>·-</span> <span class='ocrx_word' id='word_1_155' title='bbox 807 4789 998 4873; x_wconf 82' lang='lat' dir='ltr'>Accedunt</span> <span class='ocrx_word' id='word_1_156' title='bbox 1149 4847 1152 4853; x_wconf 76' lang='lat'><em>,</em></span> 
     </span>
    </p>

    <p class='ocr_par' dir='ltr' id='par_1_10' title="bbox 418 4896 1272 5134">
     <span class='ocr_line' id='line_1_29' title="bbox 420 4896 1272 5101; baseline -0.007 -107"><span class='ocrx_word' id='word_1_157' title='bbox 420 4906 603 4998; x_wconf 79' lang='lat' dir='ltr'>Matthaei</span> <span class='ocrx_word' id='word_1_158' title='bbox 630 4906 747 4994; x_wconf 70' lang='lat' dir='ltr'>Carti</span> <span class='ocrx_word' id='word_1_159' title='bbox 773 4906 995 4993; x_wconf 81' lang='lat' dir='ltr'>Sedunensis</span> <span class='ocrx_word' id='word_1_160' title='bbox 1022 4899 1168 5101; x_wconf 48' lang='lat' dir='ltr'>Orati?</span> <span class='ocrx_word' id='word_1_161' title='bbox 1181 4896 1272 4988; x_wconf 87' lang='lat' dir='ltr'>Phi·</span> 
     </span>
     <span class='ocr_line' id='line_1_30' title="bbox 418 5030 1213 5134; baseline 0.008 -40"><span class='ocrx_word' id='word_1_162' title='bbox 418 5087 422 5094; x_wconf 93' lang='lat'><strong>.</strong></span> <span class='ocrx_word' id='word_1_163' title='bbox 772 5030 808 5111; x_wconf 92' lang='lat' dir='ltr'>L</span> <span class='ocrx_word' id='word_1_164' title='bbox 869 5054 891 5109; x_wconf 85' lang='lat'><em>2</em></span> <span class='ocrx_word' id='word_1_165' title='bbox 1159 5046 1213 5134; x_wconf 84' lang='lat' dir='ltr'>lp-</span> 
     </span>
    </p>
   </div>
   <div class='ocr_carea' id='block_1_4' title="bbox 0 0 1618 7065">
    <p class='ocr_par' dir='ltr' id='par_1_11' title="bbox 0 0 1618 7065">
     <span class='ocr_line' id='line_1_31' title="bbox 0 0 1618 7065; baseline 0 0"><span class='ocrx_word' id='word_1_166' title='bbox 0 0 1618 7065; x_wconf 95' lang='lat' dir='ltr'> </span> 
     </span>
    </p>
   </div>
  </div>
 </body>
</html>
