3225 7067
374 1560 457 1647 150
556 1528 1037 1615 HISTORIA

375 1685 507 1758 litteras
538 1678 724 1769 indicatas,
755 1674 824 1752 alia
852 1673 1045 1778 hujusmodi
1062 1674 1186 1767 habet,
1212 1674 1282 1780 ipse

370 1798 555 1903 Gonzagiae
585 1823 686 1873 manu
717 1794 862 1897 scripte,
892 1793 1006 1896 figillo
1021 1793 1194 1896 uppofito:
1226 1801 1282 1866 Co·

288 1941 292 1948 '
371 1927 401 1996 si
437 1944 540 2019 prega
580 1948 597 1992 e
630 1914 783 2016 supplica
830 1916 865 1986 ia
897 1912 1095 2012 Principeffa
1124 1915 1282 1987 Eteonon

372 2047 534 2138 G'onzaga
564 2037 601 2108 di
629 2032 775 2128 Tuscana
813 2032 904 2106 della
928 2032 1115 2132 proterium
1149 2052 1212 2131 per
1251 2035 1282 2104 la

370 2159 435 2255 sua
462 2157 573 2257 giusta
602 2152 698 2246 causa
728 2183 745 2226 e
773 2152 812 2224 di
837 2158 874 2224 S.
902 2158 957 2224 Μ.
997 2181 1014 2224 e
1042 2152 1095 2225 dei
1123 2150 1282 2246 Semiffi·

372 2278 420 2352 mi
449 2274 561 2350 Ducbt'
592 2303 608 2344 e
635 2270 786 2369 Principi
1079 2310 1083 2320 ·

506 2395 539 2467 Il
566 2391 687 2490 Signor
715 2389 852 2465 Inviato
880 2386 920 2461 di
946 2387 1094 2489 Saffortia

320 2654 431 2744 3359
463 2621 614 2713 G'raevii
654 2631 716 2736 Jo.
746 2620 936 2732 Georgii,
974 2627 1013 2709 8<
1053 2618 1159 2709 Petri
1199 2627 1283 2711 Bur·

377 2743 514 2831 manui
552 2739 772 2830 Thesaurus
816 2740 1115 2857 Antiquitatum
1148 2737 1283 2829 &Hi

317 2902 323 2912 ⁴
373 2864 579 2951 storiarum
610 2860 752 2949 Italiae.
782 2863 962 2976 Lugduni
990 2868 1171 2948 Batavor.
1198 2866 1283 2947 Van·

375 2984 444 3069 der
471 2988 556 3089 Aa,
590 3005 802 3093 1704-25.
833 2985 886 3064 Τ.
915 2984 1036 3065 XLV.
1066 2983 1106 3064 in
1124 2972 1188 3092 β
1209 2978 1283 3097 fig.

321 3113 436 3218 3360
466 3096 770 3188 Graswiuckelii
798 3097 1002 3184 Theodori
1019 3098 1196 3185 Libertas
1215 3103 1283 3186 Ve

376 3247 491 3328 ueta,
519 3221 600 3306 five
619 3223 864 3305 Venetorum
892 3217 934 3301 in
966 3213 1003 3302 se
1031 3247 1075 3302 ac
1105 3213 1191 3305 suos
1214 3216 1283 3307 int

376 3336 534 3455 perandi
573 3334 633 3447 jus
670 3334 850 3422 afferturn
888 3362 1020 3423 contra
1048 3345 1284 3447 anonymutt

375 3452 567 3542 Scrutinii
591 3452 839 3571 scriptorem.
863 3457 1042 3571 Lugduni
1057 3460 1148 3541 Bar.
1172 3467 1284 3568 1634

379 3578 422 3659 in
451 3566 512 3682 4⁰
542 3575 609 3691 lig.
638 3572 712 3658 bol.
741 3617 800 3637 -
829 3576 966 3660 Acced.

435 3689 577 3777 Roiter
595 3690 821 3799 Zoroastro,
849 3688 1082 3780 Modonese.
1107 3689 1284 3812 Specchit

377 3807 418 3896 di
448 3812 639 3920 Liberti,
667 3843 688 3898 e
717 3808 893 3929 Risposta
910 3837 1041 3898 contra
1069 3808 1140 3898 alli
1168 3810 1283 3899 calun

376 3925 520 4016 niatori
549 3929 589 4017 di
619 3929 814 4018 Venezit.
851 3932 1046 4047 Bengodr‘,
1066 3956 1140 4050 per
1178 3937 1284 4021 Paul·

377 4047 537 4160 Fuscbi,
571 4061 697 4138 1616.
727 4053 768 4133 in
796 4043 857 4156 4⁰

327 4177 438 4278 3361
472 4164 776 4253 Graswinckelii
824 4167 1029 4254 Theodori
1067 4164 1285 4257 Dissertatit

378 4284 425 4367 de
454 4289 550 4393 Jure
577 4283 831 4402 precedentiae
866 4284 967 4373 inter
995 4287 1285 4406 Rempublican

376 4406 573 4489 Venetam
612 4407 651 4489 81
680 4401 872 4494 Sabaudiae
905 4409 1078 4494 Ducem.
1116 4410 1283 4559 Lugdun

377 4524 558 4606 Batavor.
594 4525 840 4634 Elzevt'rr'us,
884 4537 1007 4632 1644.
1048 4531 1088 4611 in
1129 4530 1170 4614 8.
1230 4530 1285 4645 lig

330 4665 334 4672 ·
377 4635 449 4723 bot.
495 4680 556 4703 ··-
598 4644 801 4760 Exemplar
821 4643 1141 4762 pulcherrimum,
1171 4646 1285 4733 cham

379 4786 513 4877 magna
540 4754 774 4895 impreffum.

325 4884 435 4988 3362
466 4877 515 4968 de
543 4880 684 4968 Graue
712 4875 902 4970 Francisci
938 4882 1173 5004 chronicon
1204 4888 1284 4972 Mo

1170 5032 1239 5092 na·
