3225 7067
550 1582 1216 1691 inaurem

433 1722 607 1839 rabuli}
635 1722 770 1811 Caroli
800 1718 990 1832 Libellus,
1020 1752 1099 1842 quo
1126 1724 1286 1812 demon·

369 1845 512 1933 stratur
530 1849 726 1932 Statutum
743 1841 1020 1930 Brixianorum
1048 1844 1095 1927 de
1124 1840 1284 1962 sumpti-

372 1966 443 2049 bus
470 1960 649 2066 funerum
680 1959 828 2080 optima
868 1962 1016 2049 ratione
1050 1958 1202 2046 nullum
1231 1960 1283 2048 fa-

374 2109 458 2167 cere
488 2077 693 2170 discrimen
721 2078 886 2167 fortunae
912 2080 1014 2167 inter
1052 2078 1175 2187 cives,
1215 2109 1284 2166 nec

373 2197 444 2287 effe
473 2200 640 2289 honores
675 2201 747 2316 qui
784 2198 908 2311 vulgo
943 2224 1156 2316 putantun3
1187 2193 1280 2303 ejus-

374 2320 466 2404 dem
493 2345 625 2406 contra
665 2317 940 2434 vituperatores
980 2317 1157 2405 Muficae.
1197 2320 1284 2401 Bri·

374 2440 462 2542 κὶα,
496 2461 566 2554 per
583 2444 621 2549 J
621 2470 769 2523 oannem
798 2437 1004 2523 Antonium
1033 2438 1081 2522 dr
1109 2437 1282 2521 Gandino
1429 2523 1431 2527 ,

374 2557 512 2641 dietum
542 2558 591 2641 de
619 2560 797 2673 Caegult's,
834 2584 954 2667 1509.
983 2556 1023 2640 in
1042 2548 1103 2665 ff
1131 2600 1190 2617 -
1219 2555 1285 2638 Li·

378 2674 495 2761 bellus
523 2702 675 2790 uterque
703 2672 904 2791 rariffimur
1217 2719 1219 2722 ·

327 2802 437 2903 3296
467 2793 601 2878 Carusr
639 2798 701 2903 Jo.
731 2792 904 2907 Baptista
931 2788 1171 2880 Bibliotheca
1209 2784 1287 2876 Hi-

376 2910 511 2997 storica
551 2908 680 3022 Regni
718 2908 878 3000 Sici-lia.
916 2915 1113 3020 Panormi,
1164 2940 1288 3022 1723.

382 3023 662 3138 Ufflmff

325 3178 436 3259 3297.
466 3143 627 3232 Calellae·
650 3145 754 3231 Petri
783 3144 926 3233 Leonis
954 3152 1020 3234 De
1046 3143 1182 3264 primis
1211 3151 1287 3232 Ita·

376 3265 438 3352 liat
457 3262 626 3372 colonis,
650 3268 713 3350 De
726 3262 949 3352 Tuscorum
974 3263 1123 3379 origiue
1153 3269 1197 3352 81·
1208 3268 1286 3349 Re·

379 3383 530 3502 publica
549 3380 795 3490 Florentino,
825 3380 964 3497 Elogia
993 3382 1201 3471 illustrium
1231 3412 1288 3469 ar-

377 3502 551 3611 tificum,
589 3499 879 3622 Inscriptiooes.,
909 3505 1125 3620 Lugduni,
1164 3511 1287 3591 1606.

380 3626 419 3705 in
449 3615 506 3709 8.⁰
534 3624 602 3738 lig.
625 3625 702 3739 gal.

325 3742 439 3857 3298
470 3737 703 3854 Castiglioue
734 3736 894 3828 Motelli
938 3738 1077 3827 Didaci
1105 3737 1290 3858 Epitome

383 3863 735 3949 Monumentorum
775 3861 822 3944 de
853 3856 1017 3948 Patricia
1054 3855 1291 3946 Consentino

381 3976 618 4066 Nobilitate.
652 3980 835 4085 Veneriis,
871 4009 995 4094 1713.
1026 3981 1065 4063 in
1085 3972 1145 4088 β’

326 4128 434 4211 3299
464 4094 702 4192 Callih'onaei
731 4096 914 4184 Matthaei
933 4102 993 4182 De
1013 4095 1201 4210 Origine,
1231 4122 1286 4178 re·

382 4217 448 4302 bus
476 4213 610 4329 gestis,
638 4245 682 4304 ac
710 4211 924 4333 privilegiis
953 4215 1076 4329 gentis
1114 4209 1291 4301 Callilio·

379 4329 1016 4446 neu-Wnetiis,1596.in4.⁰
1095 4349 1099 4356 '

324 4484 439 4567 3300
478 4448 728 4546 castillionaei
769 4457 1045 4539 Bouaventura
1083 4446 1292 4537 Gallorum

378 4567 584 4660 Insubrum
632 4569 822 4687 Antiqua·
857 4570 996 4658 Sedes.
1036 4571 1288 4670 Mediolani,
1354 4562 1357 4567 ’

376 4688 481 4807 apud.
483 4696 521 4801 J
521 4726 554 4777 o.
562 4695 706 4779 Aaron„
716 4691 1022 4802 castillionaeum,
1048 4680 1291 4805 1541·t'n4.⁰

324 4838 590 5016 339183-
619 4810 728 4897 Idem
757 4839 881 4931 opus.
921 4813 1092 4929 Bergomt'
1110 4813 1141 4916 ,J
1168 4830 1295 4917 1593.

377 4959 419 5015 m

1123 5067 1233 5165 330⁷·
