3225 7067
383 1511 462 1600 282
580 1510 1040 1596 POEMATA

378 1688 440 1737 nec
469 1686 537 1735 non
568 1657 676 1734 Suidae
706 1656 862 1734 Lexicon
893 1685 981 1733 anno
1016 1680 1151 1757 1499,
1190 1674 1276 1760 atque

380 1778 464 1854 adeo
496 1778 601 1854 etiam
630 1777 864 1855 Grammatica
892 1776 1109 1852 Constantini
1139 1775 1274 1854 Lascuis
1308 1813 1310 1836 ι

327 1895 332 1904 ’
377 1926 468 1973 anno
488 1897 597 1996 1476
611 1924 624 2000 3
653 1897 678 1972 sa
705 1896 843 1997 quidem
869 1923 986 1972 vetum
1002 1894 1046 1972 est
1075 1894 1168 1995 quod
1184 1897 1276 1974 Mait-

383 2017 502 2091 tairius
531 2016 677 2089 affirmat
706 2017 719 2113 s
752 2021 791 2089 T.
821 2020 876 2088 IV.
904 2038 939 2112 p.
972 2038 1026 2113 34
1059 2015 1097 2114 )‚
1139 2014 1278 2090 Lascaris

382 2134 542 2211 videlicet
560 2133 851 2224 Grammatieam,
873 2159 974 2233 quam
991 2130 1105 2208 videte
1123 2130 1279 2235 nunquan

380 2253 471 2328 mihi
502 2253 632 2344 licuit,
662 2252 803 2344 eodem,
834 2279 903 2354 quo
933 2251 1073 2343 suidas,
1102 2251 1279 2329 chusam

382 2371 573 2473 impressam
603 2370 717 2448 suisse.
1227 2437 1234 2448 .

441 2491 587 2564 Latinus
615 2517 700 2588 ¹vcro
733 2488 903 2565 charaiier
943 2516 985 2564 ex
1016 2488 1127 2565 forma
1157 2489 1280 2592 quidem

383 2613 537 2683 Romana
567 2607 631 2697 est,
660 2627 695 2681 at
724 2607 868 2708 ejusdem
881 2633 959 2684 cum
977 2612 1096 2683 Graeco
1112 2608 1281 2696 ruditatis,

382 2752 488 2825 neque
524 2724 610 2801 alibi
640 2724 729 2802 mihi
758 2725 869 2829 visus3
910 2745 950 2800 ut
992 2725 1135 2827 proinde
1174 2744 1280 2801 neutro

381 2871 424 2917 ex
454 2842 642 2918 charauere
671 2846 941 2947 typographum,
983 2846 1040 2918 vel
1071 2842 1279 2948 impressionis

383 2967 497 3037 lotum
528 2963 693 3064 conjicere
722 2990 862 3064 queam.
896 2967 1016 3064 Neque
1034 2963 1145 3065 magis
1165 2964 1207 3038 ad
1223 2987 1278 3037 mn

381 3080 501 3185 juvant
529 3080 702 3156 chartaria
733 3081 878 3157 officinae
909 3082 1021 3185 figna3
1054 3110 1135 3157 nam
1165 3102 1275 3185 prater·

382 3227 484 3301 quam
527 3199 616 3299 quod
656 3199 785 3275 indicia
824 3201 981 3303 ambigua
1023 3228 1061 3274 ea
1101 3204 1276 3303 plerumque

383 3317 616 3419 suppeditant,
656 3344 728 3417 quae
767 3319 804 3391 in
834 3320 900 3393 hoc
930 3319 1050 3393 libello
1080 3318 1157 3394 sunt
1185 3313 1276 3419 tripli·

383 3463 456 3509 cem
486 3434 632 3510 sormam
662 3438 828 3540 afferunt;
858 3464 900 3511 ex
932 3437 977 3511 iis
1005 3456 1118 3511 autem
1147 3438 1213 3512 duo
1238 3460 1276 3509 ca·

384 3571 444 3653 put
485 3552 584 3626 bovis
625 3554 787 3630 exhibent
829 3582 907 3629 cum
941 3553 1025 3631 flore
1054 3556 1145 3633 inter
1174 3575 1278 3631 cornua

385 3668 602 3773 exsurgente,
633 3672 673 3745 ad
703 3700 776 3749 eam
806 3671 873 3748 sete
890 3674 1080 3765 rationem,
1110 3701 1212 3776 quam
1238 3666 1280 3743 vi·

383 3789 459 3864 dere
488 3789 532 3865 est
564 3790 601 3864 in
630 3791 764 3866 Tabula
793 3820 814 3866 a
844 3792 1041 3869 Schwarzio
1079 3793 1170 3869 edita
1207 3791 1283 3867 inter

383 3910 551 3985 Prima'ria
578 3916 779 3984 Documenta
807 3911 848 3987 de
875 3913 1008 4010 Origine
1038 3910 1288 4012 Typograpbiae‚

387 4031 477 4102 Part.
509 4031 573 4102 111.
604 4056 680 4131 pag.
710 4053 780 4123 40.
811 4029 825 4128 (
856 4020 909 4103 n.⁰
938 4055 963 4129 9
997 4033 1032 4133 ).

444 4150 519 4235 lam
549 4174 631 4223 veto
670 4146 712 4222 ad
743 4146 983 4248 antiquitatem
1030 4147 1196 4242 editionis
1240 4174 1294 4223 co·

387 4262 609 4364 gnoscendam
656 4265 735 4339 satis
780 4266 844 4341 esse
890 4265 1170 4361 animadverto,
1207 4259 1293 4368 quod

385 4382 517 4455 numeri
546 4383 716 4484 signatura
745 4386 780 4458 Bt
810 4384 957 4460 custodes
986 4386 1131 4462 omnino
1161 4384 1295 4464 desunt.

385 4499 486 4573 Folia
533 4499 587 4574 sex
634 4530 672 4577 ac
714 4502 843 4603 viginti
877 4503 1035 4579 omnino·
1064 4505 1171 4580 sunt:
1204 4505 1295 4580 sineae

384 4616 423 4692 in
440 4617 590 4729 qualibet
608 4620 753 4722 pagina,
783 4649 854 4722 quae
872 4641 1004 4696 textum
1023 4628 1203 4716 Graecum,
1237 4623 1299 4726 spi·

385 4735 572 4813 ritibus&
603 4739 793 4814 accentibus
822 4730 1042 4835 insinuiium,
1072 4743 1155 4818 euni
1182 4741 1302 4818 versio-

298 4962 303 4974 ·
385 4884 428 4933 ne
457 4855 585 4933 Latina
624 4859 820 4951 contiueat,
858 4879 1003 4963 quatuor
1043 4888 1083 4938 ac
1113 4861 1261 4963 uiginti
1291 4917 1303 4939 .

1154 4985 1248 5058 Nul-
