3225 7067
471 1559 643 1654 RUCT.
670 1562 873 1652 LATINI
900 1562 1031 1654 VET.
1053 1577 1080 1640 ’.
1128 1572 1182 1675 89

320 1715 420 1810 dam,
449 1720 482 1793 ἃ
499 1718 685 1816 Augustini
699 1717 786 1792 Dari
801 1716 1054 1817 Elegantiolas,
1078 1715 1146 1793 fine
1156 1735 1241 1794 tem·

333 1837 428 1937 poris
459 1836 571 1911 locive
581 1855 684 1911 nota:
716 1834 776 1935 qui
808 1834 891 1910 libri
920 1862 1037 1909 omnes
1062 1835 1151 1911 inter
1180 1836 1245 1911 hos

278 2001 281 2005 ·
325 1954 545 2029 Pinellianos
574 1981 666 2030 num.
701 1974 838 2051 3724,
873 1976 1009 2054 2293,
1042 1949 1177 2047 5051.v
1207 1959 1246 2030 &1

331 2097 446 2174 7293
481 2076 594 2146 locum
622 2073 764 2147 habent.
796 2074 941 2147 Nullum
959 2073 999 2147 de
1019 2097 1056 2147 en
1074 2066 1242 2149 indicium

335 2220 354 2264 a
395 2190 650 2292 Bibliographis
691 2190 971 2292 praestantioribus
1011 2189 1138 2267 sedium
1179 2192 1241 2267 effe

330 2310 433 2384 novi:
462 2308 551 2383 hnud
569 2310 682 2409 iraque
693 2309 750 2383 abs
761 2335 796 2383 re
813 2307 917 2395 suerit
933 2307 1098 2385 decadem
1112 2310 1241 2412 aliquid

325 2428 368 2502 in
396 2428 556 2517 medium>
578 2428 715 2503 afferre.
772 2495 775 2499 .
961 2495 967 2520 ,

391 2546 533 2623 Constat
579 2546 713 2623 libellus
737 2535 874 2622 -foliisf
899 2547 1027 2651 viginti
1051 2604 1062 2641 ,
1082 2549 1138 2625 ,in
1166 2550 1241 2650 qui-¹

327 2671 391 2743 bus
431 2693 473 2739 ex
515 2683 655 2767 utraque
696 2682 789 2768 parte
829 2665 923 2740 lineae
961 2666 1032 2741 duae
1062 2667 1155 2769 supra
1187 2669 1239 2742 vi·

328 2813 426 2862 cenas
471 2779 664 2887 pierumque
698 2782 803 2858 sunt.
845 2785 986 2859 Titulus
1014 2786 1141 2861 litteris
1170 2813 1239 2861 me·

322 2899 465 3008 iusculis
496 2901 668 3010 impressus
698 2892 887 3003 hujusmodi
917 2902 981 2977 cst:
1014 2900 1132 3000 Ruffi.
1161 2912 1239 2979 Sex·

330 3026 392 3097 ri.
425 3022 528 3115 Viri.
558 3020 768 3114 Consularis.
798 3028 941 3094 Rerum.
971 3024 1157 3126 Gestarum.
1198 3032 1240 3099 P.

331 3150 376 3214 R.
408 3142 650 3237 V.‚'Augusto.
681 3140 779 3213 Liber
807 3140 949 3239 Incipit.
980 3143 1020 3214 In
1051 3138 1117 3215 fine
1147 3144 1239 3217 litte·

328 3261 380 3335 ris
402 3257 554 3356 ¹minoris
583 3255 721 3333 formae:
755 3257 851 3354 Ruffi
883 3259 974 3352 sexti
999 3259 1066 3332 uiri
1084 3258 1240 3353 Consula-

333 3380 382 3454 ris
413 3407 518 3454 rerum
542 3377 726 3475 gestarum.
755 3379 795 3451 P.
826 3384 870 3451 R.
901 3385 939 3452 V.
967 3380 1119 3477 Augusto
1158 3380 1241 3453 liber
1396 3483 1398 3485 .

332 3530 349 3570 e
393 3499 422 3570 li
439 3501 487 3571 it.
1232 3564 1236 3572 .

291 3666 293 3669 -
351 3520 473 3691 prirfi
500 3613 658 3692 libellum
687 3617 821 3717 excipit
860 3614 902 3690 ad
930 3614 1107 3691 Medicum
1137 3642 1237 3717 quen-

331 3733 436 3823 dam,
463 3732 671 3811 Michaelem
701 3734 832 3809 scilicet
846 3737 1087 3812 Savonarolanr
1100 3791 1110 3826 ,
1125 3761 1239 3835 quem·
1391 3786 1396 3797 ·

335 3850 514 3928 admodum
554 3881 596 3927 ex
625 3853 755 3929 Codice
797 3850 1022 3954 manuscripto
1070 3853 1237 3929 Paravino

328 3971 504 4073 cognovi,
534 3971 685 4073 Epistola
727 3971 875 4046 rudioris
904 3971 1091 4074 anonymi3
1133 3998 1236 4071 quem

332 4110 445 4166 tamen
482 4089 546 4165 effe
576 4093 740 4164 Xieeonem
767 4093 981 4164 Polemonem
1013 4089 1239 4181 Patavinunr,

329 4236 377 4284 ex
415 4207 567 4309 ipsamet·
597 4208 748 4310 Epistola
790 4212 887 4312 plane
928 4207 1151 4310 deprehendi.
1182 4208 1239 4304 Est
1249 4261 1261 4279 .

335 4354 416 4403 vero
444 4326 515 4424 eius
544 4327 721 4430 inscriptio
737 4326 863 4402 litteris
883 4326 1074 4429 majusculis
1103 4327 1239 4429 impres-

332 4445 386 4521 sa:
419 4454 471 4520 De
500 4447 712 4542 edificatione
740 4447 947 4521 Veneriorum
960 4447 1128 4522 Foelicr'ter
1156 4447 1240 4525 Inci-

323 4568 403 4665 pie.
434 4564 590 4665 Sequitur
619 4563 685 4640 fine
714 4568 787 4641 ullo
805 4566 912 4641 titulo
929 4566 1126 4642 Annotntio
1155 4592 1242 4667 qure-

322 4685 411 4760 dam
439 4682 481 4759 de
509 4683 601 4759 urbis
633 4684 803 4760 Patavinae
830 4684 1019 4786 primordio
1048 4685 1142 4786 eujus
1173 4683 1240 4757 ini-

324 4801 443 4879 tium:
475 4805 626 4880 Paduam
644 4831 721 4877 vero
740 4804 910 4878 civitatem
939 4805 1031 4901 effe,-
1047 4806 1112 4878 &e
1143 4799 1241 4875 Finis

325 4919 465 5008 tandem
507 4919 598 4999 hisce
639 4921 783 5017 verbis,
823 4920 1011 5004 channen
1051 4916 1242 5053 minnstulo

1118 5062 1184 5115 nn·
